<?xml version="1.0" encoding="UTF-8"?><collection xmlns="http://www.loc.gov/MARC21/slim"><record><leader>00308nam--2200121-i-4500</leader><controlfield tag="001">000036209</controlfield><controlfield tag="002">20161230</controlfield><controlfield tag="005">20161230201040</controlfield><controlfield tag="008">060222s1000------------r-----000-0-eng-d</controlfield><datafield ind1=" " ind2=" " tag="100"><subfield code="a">Prasanna, V</subfield></datafield><datafield ind1=" " ind2=" " tag="245"><subfield code="a">Vishveshwara, c.v</subfield></datafield><datafield ind1=" " ind2=" " tag="490"><subfield code="a">New Delhi, Wiley Eastern Limited, 1980. Xiv + 326p</subfield></datafield><datafield ind1=" " ind2=" " tag="700"><subfield code="a">Narlikar, J.V</subfield></datafield></record></collection>